% This file was created with Citavi 6.4.0.35

@online{.7.4.2020,
 author = {Wikipedia},
 year = {07.04.2020},
 title = {Ionic (Framework)},
 url = {https://de.wikipedia.org/wiki/Ionic_(Framework)},
 urldate = {2020-04-10}
}


@online{GaelThomas.2019,
 author = {{Gael Thomas}},
 editor = {freeCodeCamp},
 year = {2019},
 title = {A beginner's guide to Docker --- how to create your first Docker application},
 url = {https://www.freecodecamp.org/news/a-beginners-guide-to-docker-how-to-create-your-first-docker-application-cc03de9b639f/},
 urldate = {2020-04-09},
 file = {f1dfc2dd-092b-4434-ba82-bb83cd59dc00:C\:\\Users\\Eric-PC\\AppData\\Local\\Swiss Academic Software\\Citavi 6\\ProjectCache\\sdssqmayczs8424tnfw0ququd03fzz1dbdc38c1qc\\Citavi Attachments\\f1dfc2dd-092b-4434-ba82-bb83cd59dc00.pdf:pdf}
}


@book{HeiseMedienGmbH&Co.KG.,
 author = {{Heise Medien GmbH {\&} Co. KG}},
 title = {Docker: Komplexe Software einfach einrichten},
 keywords = {Pers{\"o}nliches PDF f{\"u}r Eric Werner aus 66879 Kottweiler-Schwanden {\copyright} Copyright by Heise Medien.},
 file = {74dc3a72-fa0f-4fef-a7dd-afedb4ed4cef:C\:\\Users\\Eric-PC\\AppData\\Local\\Swiss Academic Software\\Citavi 6\\ProjectCache\\sdssqmayczs8424tnfw0ququd03fzz1dbdc38c1qc\\Citavi Attachments\\74dc3a72-fa0f-4fef-a7dd-afedb4ed4cef.pdf:pdf}
}


@online{Ionic.10.4.2020,
 abstract = {Ionic is the app development platform for web developers. Build amazing cross platform mobile, web, and desktop apps all with one shared code base and open web standards},
 author = {Ionic},
 year = {10.04.2020},
 title = {Ionic - Cross-Platform Mobile App Development},
 url = {https://ionicframework.com/},
 urldate = {2020-04-10}
}


@online{Mozilla.10.04.2020,
 abstract = {Cross-Origin Resource Sharing (CORS) is a standard that allows a server to relax the same-origin policy. This is used to explicitly allow some cross-origin requests while rejecting others.},
 author = {Mozilla},
 year = {10.04.2020},
 title = {CORS errors},
 url = {https://developer.mozilla.org/de/docs/Web/HTTP/CORS/Errors},
 urldate = {2020-04-10}
}


@online{SpringBoot.2013,
 abstract = {Das Spring-Framework soll die Entwicklung von Enterprise-Java-Anwendungen vereinfachen. Spring Boot ist eine neue Etappe auf diesem Weg.},
 author = {{Spring Boot}},
 year = {2013},
 title = {Spring Boot - was ist das, was kann das?},
 url = {https://jaxenter.de/spring-boot-2279},
 keywords = {Spring Boot},
 urldate = {2020-04-09},
 file = {8aac1a31-defe-47e6-b7a3-8bf8c76d1485:C\:\\Users\\Eric-PC\\AppData\\Local\\Swiss Academic Software\\Citavi 6\\ProjectCache\\sdssqmayczs8424tnfw0ququd03fzz1dbdc38c1qc\\Citavi Attachments\\8aac1a31-defe-47e6-b7a3-8bf8c76d1485.pdf:pdf}
}


@online{SpringBoot.9.4.2020,
 author = {{Spring Boot}},
 year = {9.4.2020},
 title = {Spring Boot},
 url = {https://spring.io/projects/spring-boot},
 urldate = {2020-04-09},
 file = {d0db39a1-dea3-42a8-a5cf-aecbb9be2a68:C\:\\Users\\Eric-PC\\AppData\\Local\\Swiss Academic Software\\Citavi 6\\ProjectCache\\sdssqmayczs8424tnfw0ququd03fzz1dbdc38c1qc\\Citavi Attachments\\d0db39a1-dea3-42a8-a5cf-aecbb9be2a68.pdf:pdf}
}


@online{SpringBoot.9.4.2020b,
 author = {{Spring Boot}},
 year = {9.4.2020},
 title = {Spring Data JDBC},
 url = {https://spring.io/projects/spring-data-jdbc},
 urldate = {2020-04-09},
 file = {29968374-9843-43ed-bb3e-edc2a2e75c16:C\:\\Users\\Eric-PC\\AppData\\Local\\Swiss Academic Software\\Citavi 6\\ProjectCache\\sdssqmayczs8424tnfw0ququd03fzz1dbdc38c1qc\\Citavi Attachments\\29968374-9843-43ed-bb3e-edc2a2e75c16.pdf:pdf}
}


@online{SpringBoot.9.4.2020c,
 author = {{Spring Boot}},
 year = {9.4.2020},
 title = {Spring Data REST},
 url = {https://spring.io/projects/spring-data-rest},
 urldate = {2020-04-09},
 file = {25d79d06-b038-44a8-9e12-bb7a8efc9433:C\:\\Users\\Eric-PC\\AppData\\Local\\Swiss Academic Software\\Citavi 6\\ProjectCache\\sdssqmayczs8424tnfw0ququd03fzz1dbdc38c1qc\\Citavi Attachments\\25d79d06-b038-44a8-9e12-bb7a8efc9433.pdf:pdf}
}


@online{SpringBoot.9.4.2020d,
 author = {{Spring Boot}},
 year = {9.4.2020},
 title = {Spring Framework},
 url = {https://spring.io/projects/spring-framework},
 urldate = {2020-04-09},
 file = {30e227b3-352c-4e91-afbc-4cbdee2b14ba:C\:\\Users\\Eric-PC\\AppData\\Local\\Swiss Academic Software\\Citavi 6\\ProjectCache\\sdssqmayczs8424tnfw0ququd03fzz1dbdc38c1qc\\Citavi Attachments\\30e227b3-352c-4e91-afbc-4cbdee2b14ba.pdf:pdf}
}


@online{SpringBoot.9.4.2020e,
 author = {{Spring Boot}},
 year = {9.4.2020},
 title = {Spring Security},
 url = {https://spring.io/projects/spring-security},
 urldate = {2020-04-09},
 file = {85ea7aa3-22ef-4ba9-bcfe-2c7911a0ed9a:C\:\\Users\\Eric-PC\\AppData\\Local\\Swiss Academic Software\\Citavi 6\\ProjectCache\\sdssqmayczs8424tnfw0ququd03fzz1dbdc38c1qc\\Citavi Attachments\\85ea7aa3-22ef-4ba9-bcfe-2c7911a0ed9a.pdf:pdf}
}


@online{Wikipedia.07.04.2020,
 author = {Wikipedia},
 year = {07.04.2020},
 title = {Spring (Framework)},
 url = {https://de.wikipedia.org/wiki/Spring_(Framework)},
 urldate = {2020-04-09}
}


@online{Wikipedia.07.04.2020b,
 author = {Wikipedia},
 year = {07.04.2020},
 title = {Cross-Origin Resource Sharing},
 url = {https://de.wikipedia.org/wiki/Cross-Origin_Resource_Sharing},
 urldate = {2020-04-10},
 file = {7fb41b8d-390b-477d-9609-37b520b291f2:C\:\\Users\\Eric-PC\\AppData\\Local\\Swiss Academic Software\\Citavi 6\\ProjectCache\\sdssqmayczs8424tnfw0ququd03fzz1dbdc38c1qc\\Citavi Attachments\\7fb41b8d-390b-477d-9609-37b520b291f2.pdf:pdf}
}


@online{Wikipedia.7.4.2020,
 author = {Wikipedia},
 year = {7.4.2020},
 title = {Docker (Software)},
 url = {https://de.wikipedia.org/wiki/Docker_(Software)},
 urldate = {2020-04-09},
 file = {9ece23ef-5b57-408f-abe2-3d3664abcf74:C\:\\Users\\Eric-PC\\AppData\\Local\\Swiss Academic Software\\Citavi 6\\ProjectCache\\sdssqmayczs8424tnfw0ququd03fzz1dbdc38c1qc\\Citavi Attachments\\9ece23ef-5b57-408f-abe2-3d3664abcf74.pdf:pdf}
}


